4125 5434
83 782 102 806 ff

74 1332 89 1374 l

434 251 858 573 urunt,
909 251 1687 569 nunninus&

269 664 1652 940 EPIGRAMMATUM

439 1003 512 1166 L
598 1000 637 1162 I
723 995 793 1158 B
880 985 951 1160 Ε
1038 992 1175 1158 R·
1290 992 1517 1158 XII,

602 1245 701 1332 uu.
726 1241 906 1328 Martialis
930 1235 1043 1346 Prisco
1060 1235 1122 1345 suo
1143 1244 1319 1347 labrem.

219 1475 236 1484 ’“
267 1453 509 1797 SClO
537 1475 599 1529 me
622 1407 885 1544 patrocinium
911 1446 1052 1525 debere
1073 1445 1412 1538 contumacissimo
1433 1449 1594 1526 triennii
1615 1451 1679 1526 de·

420 1551 541 1628 fidiae:
572 1573 657 1644 quae
678 1540 914 1623 absolvenda
943 1570 1024 1620 non
1052 1545 1142 1622 esset
1170 1548 1276 1622 inter
1306 1549 1391 1620 illas
1417 1574 1574 1645 quoque
1610 1573 1683 1631 oc·,

422 1649 648 1742 cupttiones
673 1643 853 1736 urbicas,
881 1643 1020 1740 quibus
1037 1642 1188 1719 facilins
1202 1639 1504 1740 consequimur,
1531 1670 1574 1721 ut
1594 1673 1675 1720 mo·

426 1747 507 1824 lesti
532 1749 658 1839 potius
677 1767 792 1839 quarn
820 1740 978 1818 officiofi
993 1740 1321 1819 else-videamur:
1351 1767 1399 1818 ne
1420 1746 1513 1818 dum
1542 1749 1581 1819 in
1602 1747 1671 1818 hac

271 1847 512 1943 prouinciali
542 1843 785 1931 solitudine,
819 1843 887 1916 ubi
916 1839 986 1916 nifi
1013 1843 1132 1916 etiam
1173 1843 1485 1932 intemperanter
1524 1843 1671 1920 sludta·

237 1967 399 2035 ··mus,
425 1947 461 2020 ἀ
490 1941 566 2019 fine
591 1939 729 2018 solatio
754 1939 791 2015 br
808 1933 887 2014 stne
912 1935 1167 2016 excusatione
1187 1935 1423 2016 secesstmus.
1454 1943 1595 2033 Accipe
1615 1967 1673 2018 et·.

267 2069 330 2136 go
358 2045 581 2132 rationem,
606 2042 647 2114 in
675 2062 749 2134 qua
775 2037 848 2113 ltoc
877 2037 1091 2114 maximum
1119 2037 1156 2112 dr
1183 2040 1352 2131 primum
1382 2037 1463 2129 eli,
1492 2042 1595 2135 quod
1619 2044 1672 2114 ci·

263 2146 407 2218 vitatis
432 2163 542 2215 aures
567 2137 707 2232 quibus
731 2132 1001 2227 assueverant,
1039 2158 1207 2229 quaro,
1247 2137 1296 2212 br·
1323 2137 1456 2211 videor
1498 2139 1594 2214 mihi
1628 2142 1667 2214 in

238 2245 406 2317 .arlieno
430 2235 518 2312 foto
548 2241 727 2328 litigare.
752 2235 792 2310 Si
822 2235 913 2331 quid
940 2235 992 2310 ell
1029 2235 1208 2326 enimin
1248 2236 1391 2320 libellis
1433 2237 1526 2311 meis
1563 2239 1673 2338 quod,

261 2343 455 2428 placeat,
480 2337 633 2411 didiavit
661 2331 815 2407 auditor
843 2386 852 2405 .
877 2331 991 2408 Illam
1018 2331 1250 2421 judiciorum
1288 2329 1544 2408 subtilitatem
1572 2386 1604 2428 ,2
1625 2337 1669 2411 il,

264 2437 342 2512 lud
366 2435 620 2511 materiatum
643 2435 681 2505 in
710 2433 872 2523 cuium,
902 2429 1182 2522 bibliothecas,
1216 2432 1390 2525 theatra,
1418 2457 1665 2518 conventus,

270 2537 318 2608 in
341 2533 480 2632 quibus
501 2531 650 2608 siudete
685 2453 721 2602 se
748 2527 1013 2628 voluptatibus
1052 2553 1133 2606 non
1166 2527 1366 2607 sentiunt:
1395 2531 1440 2604 ad
1477 2528 1665 2610 summam

269 2637 453 2708 omnium
480 2654 525 2706 et
562 2653 644 2726 quae
674 2627 837 2708 delicate
881 2627 1131 2722 reliquimus,
1156 2626 1259 2724 quasi
1287 2627 1460 2704 destituti
1483 2628 1667 2706 defidera·

274 2755 384 2806 mos.
412 2727 568 2805 Accedit
595 2727 654 2801 bis
676 2726 984 2821 municipalium.
999 2727 1137 2822 rubigo
1153 2730 1329 2802 dentium
1350 2778 1361 2817 ,
1386 2727 1565 2816 &judicii
1581 2733 1669 2802 loco

264 2827 399 2926 livor,
425 2829 599 2921 brunus,
624 2847 691 2899 aur
718 2826 946 2917 altermali,
973 2827 1012 2899 in
1044 2824 1181 2920 pusillo
1212 2831 1299 2900 loco
1319 2829 1431 2900 multi
1446 2879 1460 2920 ,
1486 2827 1667 2902 adversus

269 2923 372 3022 quos
392 2923 544 3006 difficile
567 2921 620 2999 ell
647 2923 788 3000 habere
811 2922 985 3020 quotidie
1006 2922 1153 2998 bonum
1182 2924 1445 3000 stomachum.
1472 2922 1533 2999 Ne
1558 2928 1670 3002 mire·

231 3069 234 3078 ,
265 3031 322 3098 ris
342 3030 462 3119 igitur
486 3023 623 3114 abiedia
644 3023 691 3095 ab
716 3024 1081 3117 indignante,‚quae
1104 3049 1124 3098 a
1150 3022 1337 3116 gestiente
1359 3021 1441 3098 sieri
1471 3019 1670 3110 solebant.

260 3121 331 3198 Ne
357 3129 448 3222 quid
476 3144 605 3195 tamen
634 3121 670 3192 br
696 3121 917 3196 aduenienti
952 3121 1091 3194 tibiab
1124 3122 1247 3211 urbe,
1271 3120 1307 3193 ἀ
1344 3124 1514 3212 exigenti
1556 3148 1667 3216 nega.

260 3242 376 3315 rent,
401 3227 463 3300 cui
488 3243 567 3292 non
592 3213 719 3294 resero
740 3221 928 3314 gratiam,
956 3214 981 3291 li
1011 3241 1164 3294 tantum
1192 3242 1236 3295 ea
1264 3220 1395 3311 ptaello
1411 3218 1662 3312 quaepolsrm,

260 3319 465 3414 imperabo
484 3319 609 3407 mihi,
634 3319 695 3390 cui
717 3319 918 3414 indulgete
932 3315 1229 3414 consueveram,
1258 3313 1421 3392 &statui
1442 3314 1667 3408 paucissimis

253 3419 423 3509 diebus,
450 3442 494 3494 ut
526 3411 833 3492 santiliarlffimas
874 3415 970 3490 mihi
1002 3443 1112 3492 autes
1152 3441 1235 3492 tuas
1263 3417 1479 3509 exciperem
1521 3417 1668 3498 adtem-

256 3517 366 3590 toria
391 3517 408 3608 (
434 3517 563 3608 sua.)
589 3511 657 3588 Tu
688 3519 809 3590 velim·
827 3517 892 3593 isia
910 3537 997 3611 ⁴quae
1018 3537 1172 3590 rantum
1198 3515 1297 3609 apud
1327 3541 1366 3590 te
1394 3537 1474 3587 non
1509 3518 1664 3605 pericli·

255 3636 423 3705 tantur,
449 3617 657 3706 diligenter
672 3611 879 3708 aeslimate,
907 3615 1133 3689 &excutere
1146 3638 1224 3688 non
1243 3613 1438 3707 gravetis,
1466 3611 1502 3684 dr
1517 3663 1528 3703 ,
1553 3615 1662 3706 quod

252 3709 333 3784 sibi
361 3713 632 3808 difficillimum
658 3709 736 3803 eli,
760 3715 808 3788 de
825 3717 946 3809 'nugis
968 3713 1108 3787 nosltis
1133 3714 1277 3804 judices
1313 3712 1442 3790 nitore
1468 3707 1660 3806 seposito,

253 3833 310 3884 ne
334 3809 536 3902 Romam,
562 3807 590 3884 st
617 3810 670 3883 ita
690 3809 932 3906 decreveris,
961 3784 1506 3910 nonHispanieusemlibrum
1523 3817 1652 3889 mitta·

254 3931 372 4007 mus,
402 3911 439 3992 se
466 3907 710 4004 Hispanum.
810 3967 830 4012 ,¹

683 4010 1282 4108 lupsautoturro·

248 4169 458 4313 Novitiae
475 4167 573 4232 debere
592 4166 739 4250 defendere
762 4167 857 4230 valde
874 4171 922 4233 ab·
963 4195 1047 4243 mut,
1067 4169 1108 4235 (9·
1121 4169 1183 4248 fiat
1203 4169 1409 4247 consolatione,
1432 4171 1536 4247 (oſsae
1549 4168 1651 4248 ‘cauffo

341 4249 489 4326 firmatam
506 4251 641 4308 inertiam
649 4247 689 4306 tri
723 4246 787 4306 nii:
821 4267 922 4312 aaenet
959 4251 1206 4330 [migravimus.
1225 4251 1317 4330 Disce
1332 4246 1346 4306 r‘
1364 4247 1423 4310 r'tut
1449 4250 1596 4326 cateffam,
1618 4270 1649 4307 m

248 4327 417 4404 excusanda
430 4325 493 4404 effer
511 4327 585 4384 inm
605 4325 687 4384 illae
708 4269 921 4400 'amopscinr-
963 4350 1023 4409 aaa
1050 4326 1101 4388 hm
1134 4327 1315 4397 maximum,
1399 4342 1573 4406 precipuum
1592 4325 1649 4395 eli,

244 4405 349 4482 bana,
368 4401 473 4483 quibus
481 4403 609 4482 facilius
625 4401 811 4481 assequimur,
830 4420 920 4485 arpo·
961 4405 1039 4486 quod
1067 4406 1175 4484 requiro
1199 4426 1281 4465 aures
1312 4399 1412 4474 urbis,
1433 4405 1538 4485 quibus
1565 4401 1654 4480 uffae·

230 4476 311 4542 “taus
324 4483 365 4541 im
386 4477 755 4560 orrum'effeappaereamus,
776 4501 863 4558 quam
873 4481 921 4543 ob·
961 4503 1078 4553 veram,
1102 4483 1142 4545 (9'
1155 4483 1255 4543 videor
1277 4479 1351 4540 mibi
1368 4483 1486 4560 litigas-2
1515 4481 1548 4541 i„
1576 4482 1647 4538 alie.

246 4561 278 4638 se
296 4493 386 4636 uioltjb
404 4580 459 4620 non
476 4557 555 4618 modo
568 4561 601 4618 iu
619 4557 670 4619 hoc
683 4557 863 4636 provinciali
874 4561 922 4638 je·
963 4569 999 4621 no
1022 4560 1098 4636 furo.
1122 4562 1315 4640 Requirimus
1345 4557 1431 4620 illam
1451 4557 1650 4637 lithostratum

247 4583 331 4730 cesa,
351 4636 405 4700 aba·
420 4635 478 4715 mfi
491 4637 580 4698 etiam
599 4633 782 4698 immoderate
803 4635 921 4714 studea·
962 4637 1154 4721 judiciorum,
1175 4639 1257 4700 illud
1273 4638 1423 4719 ingenium
1439 4639 1648 4776 marmana,

341 4741 345 4747 ⁴
1527 4739 1536 4774 l
1571 4734 1610 4771 10·
