4125 5434
358 362 1039 469 uulcunnnntunt
1086 368 1314 458 LlBEll
1342 378 1415 465 111.
1522 410 1595 493 147

797 526 1097 601 Nora.

282 694 443 763 quenta.
458 699 478 780 ]
492 696 681 783 amentum,
703 687 777 752 telle
798 686 918 755 Rober·
965 687 1132 779 urientibus
1151 710 1203 753 ora
1212 690 1493 829 pinguntur,quot
1502 718 1571 765 turn
1580 702 1647 767 aliis

244 784 285 832 to
304 774 472 855 Stephano,
491 774 576 835 sanna
589 766 713 829 fabacea
730 785 795 849 qua
804 770 843 830 ad
853 788 921 829 eru·
963 764 1095 829 ludrbno
1106 769 1160 831 elle
1170 771 1217 831 rel
1229 788 1279 833 ent
1288 775 1425 855 antiqui,
1439 795 1491 838 eos
1500 780 1653 845 dormien-

250 851 352 931 ganda
367 871 485 932 corpora
499 852 543 912 use
556 847 596 909 esl
614 846 790 927 antiquitas
809 891 818 907 .
848 846 921 908 Ure·
969 858 1014 907 tes
1031 866 1084 927 pet
1100 847 1201 917 jocum
1220 850 1363 913 liniebant
1390 853 1490 916 colore
1518 856 1643 939 aliquo,

252 947 321 991 rum
338 949 405 992 uero
419 930 522 993 linebat
545 924 636 989 Polla
653 965 665 998 ‚
696 940 733 987 ut
748 922 838 988 sulcis
858 924 925 988 abs·
968 922 1017 983 vel
1036 923 1181 1006 fuligine.
1201 926 1274 989 Hac
1291 928 1420 992 formula
1437 930 1535 1013 potest
1552 938 1646 999 etiam

250 1008 374 1070 conditis
396 1010 486 1095 puella
505 1004 686 1068 uideretur.
970 1001 1086 1065 desumi
1107 1002 1147 1065 ab
1161 1004 1200 1067 iis
1215 1007 1268 1087 qui
1278 1026 1393 1070 amarat
1403 1010 1542 1089 potiones
1553 1032 1648 1094 agro·

285 1086 347 1147 Nou
364 1086 436 1145 mrhr'
449 1084 534 1147 labra
555 1083 656 1145 linis.
678 1086 693 1168 ]
710 1081 743 1146 id
765 1082 808 1146 esl
835 1124 846 1155 ,
865 1102 925 1145 non
969 1083 1009 1142 tis
1030 1082 1076 1142 vel
1094 1086 1193 1162 pueris
1211 1084 1404 1155 exhibentes,
1423 1088 1505 1151 labra
1524 1092 1648 1171 poculo·

246 1182 291 1223 rne
299 1164 407 1245 decipis
416 1165 466 1227 hoc
483 1164 583 1238 suco,
604 1184 672 1245 quo
691 1163 777 1225 sensu
802 1162 922 1225 Plautus
968 1177 1037 1221 rum
1067 1161 1154 1221 melle
1182 1160 1333 1237 illinunt,
1362 1180 1395 1226 ut
1422 1168 1477 1229 hac
1494 1168 1649 1231 dulcedine

245 1238 330 1311 dicit,
352 1264 383 1300 rs
394 1241 558 1322 sublinere.
583 1244 662 1305 Haec
677 1240 796 1303 dicendi
816 1238 929 1301 sormu·
968 1238 1102 1321 primurn
1123 1240 1239 1322 decepti
1255 1244 1411 1331 potionem
1426 1246 1588 1312 hauriant.

247 1319 433 1402 horiginem
446 1322 542 1387 traxit
555 1342 576 1385 a
592 1319 778 1403 genereludr'
789 1338 853 1401 quo
861 1320 930 1381 dor·
1010 1317 1155 1379 Malum.
1176 1322 1195 1391 1
1213 1318 1275 1383 nm·
1293 1324 1393 1401 nesus.

760 1428 810 1505 In
848 1428 1041 1505 Lentinum

570 1530 799 1627 tingentem
824 1528 1018 1623 capillos.
1067 1521 1223 1605 XLlll.

473 1652 722 1736 ENTlRlS
746 1656 923 1744 iuuenem
950 1652 1110 1746 tinnis,
1136 1650 1338 1749 Lentino,
1363 1662 1538 1753 capillis:

521 1754 637 1830 Tam
662 1750 790 1829 subito
814 1778 968 1845 currus,
992 1754 1061 1847 qui
1092 1755 1211 1830 modo
1235 1778 1382 1847 cycnus
1403 1782 1506 1834 erat.

357 1854 461 1933 Non
490 1859 640 1931 omneis
664 1848 790 1929 sellis.
811 1849 876 1927 seit
907 1874 946 1927 te
974 1850 1210 1947 Proserpina
1236 1876 1410 1932 canunt:

412 1954 617 2037 Personam
642 1954 755 2043 capiri
779 1950 961 2029 detrahet
988 1954 1055 2027 illa
1090 1978 1186 2031 tuo.

645 2079 1250 2150 luranrntrurro.

328 2210 462 2277 Lenrr'rre,
477 2198 572 2283 fingis
590 2218 621 2265 te
638 2202 774 2280 iuvenem
789 2204 929 2266 crrrrr'sro·
970 2203 1019 2266 nr's
1036 2201 1188 2270 omnibus.
1209 2202 1377 2283 Proserpina
1393 2203 1475 2263 novit
1490 2220 1518 2263 re
1528 2220 1647 2265 canunt:

335 2290 434 2349 lmen
444 2304 457 2342 .·
476 2300 541 2343 eenr
558 2295 670 2361 repente
686 2302 788 2343 cervus
804 2282 899 2347 sallus
915 2324 925 2357 ,
968 2282 1028 2345 illu
1044 2284 1154 2363 auferet
1170 2285 1294 2347 larvam
1312 2298 1333 2343 u
1349 2297 1399 2343 rue
1415 2286 1528 2361 rapite.

242 2368 394 2452 qur'paeulo
407 2380 479 2425 anre
494 2379 605 2441 cycnus
621 2382 684 2421 eras
705 2409 714 2427 .
746 2360 812 2422 Non
835 2376 925 2443 rnrpo·

794 2470 831 2541 N
885 2494 908 2541 o
961 2492 1085 2549 τί.

273 2608 414 2673 Mentiris
432 2602 574 2685 iuvenem
594 2640 604 2662 .
623 2597 639 2683 ]
658 2596 804 2662 Lentinut
830 2616 921 2663 canos
1041 2599 1181 2663 Nondum
1196 2601 1250 2663 illi
1261 2602 1382 2681 sinuum
1400 2598 1571 2679 Proserpina
1583 2623 1648 2663 ver.

239 2694 360 2773 eapillos
378 2684 536 2765 tingebat,
558 2694 591 2741 ut
608 2678 727 2749 iuvenis
751 2675 920 2739 videretur.
1080 2683 1139 2741 rice
1152 2678 1257 2743 crinem

274 2770 339 2829 Scir
357 2783 385 2825 te
404 2761 595 2841 Proserpina.
618 2756 634 2841 ]
653 2754 777 2828 lovis&
801 2756 921 2817 Cereris
1036 2754 1229 2835 ¹usljlulerrrr,
1248 2762 1400 2846 stygioque
1414 2772 1504 2837 capue
1521 2755 1647 2819 damna·

249 2842 337 2919 filia,
357 2858 455 2924 quaa
469 2839 598 2899 Plutone
615 2850 697 2914 rapta
709 2835 752 2895 ell
773 2833 804 2896 in
822 2832 923 2903 conju·
1081 2856 1167 2899 vem
1182 2860 1241 2901 m,
1256 2884 1266 2903 ‚

244 2944 339 3004 gem,
360 2920 439 2982 unde
461 2916 621 2977 inferorum
637 2913 743 2991 regina
769 2910 883 2973 dicitur
910 2952 921 2975 .
1003 2913 1174 2997 Persdnunr.
1194 2922 1209 3003 J
1229 2918 1357 2983 Persona
1368 2914 1477 2977 dicitur
1487 2911 1556 2975 fidia
1567 2912 1644 2975 ima.

247 3006 314 3077 Qui
335 3014 436 3063 wlem
454 2994 587 3055 fflOflfflrl
605 2990 691 3061 sunt,
714 2988 924 3072 priusquama
963 3012 1004 3075 go
1021 2998 1120 3059 vultur
1143 2996 1191 3059 seu
1215 3001 1320 3061 latua:
1340 2996 1392 3058 illa
1414 3012 1487 3061 vtro
1515 2992 1641 3070 capillo·

245 3078 430 3159 Proserpina
449 3072 646 3140 tondeantur,
668 3070 800 3131 animam
822 3066 922 3131 efflare
965 3090 1032 3135 rum
1054 3072 1187 3137 tiudluta
1205 3078 1357 3157 eleganter
1385 3073 1494 3152 capitis
1516 3068 1643 3150 persona

241 3170 416 3238 nequeunt,
439 3170 473 3213 nt
489 3164 720 3227 eanuntpoetae.
742 3145 921 3209 Hanccaus·
965 3146 1097 3225 dicitur,
1118 3172 1179 3233 qua
1196 3154 1296 3217 ablata
1317 3150 1459 3219 Lentinus
1487 3168 1578 3213 cauus
1596 3152 1650 3217 vi·¹

240 3240 305 3301 sara
322 3236 410 3296 aslert
429 3230 582 3309 Virgilius
600 3244 652 3286 cur
671 3225 752 3287 Dido
764 3222 923 3315 difficulter
964 3228 1100 3306 debitur,
1117 3246 1209 3313 atque
1228 3251 1302 3298 orco
1323 3228 1525 3297 damnandus.

242 3314 379 3379 animaru
396 3310 570 3381 emitteret,
590 3304 640 3367 lib.
654 3323 685 3383 4.
704 3302 821 3367 llinerd.

794 3446 841 3527 In
882 3452 1105 3548 Ligurinum

687 3552 804 3629 nimis
832 3573 1011 3645 poetam.
1066 3548 1220 3631 XLIV.

351 3730 440 3902 O
459 3710 727 3792 ccultum*
755 3710 827 3789 tibi
853 3738 972 3793 nemo
998 3714 1107 3815 quod
1133 3714 1333 3816 libenter,

464 3815 583 3912 Quod
610 3838 855 3909 quacumque
884 3820 991 3892 venis
1007 3868 1022 3911 ,
1047 3812 1139 3913 fuga
1165 3816 1246 3912 est,
1272 3820 1309 3895 dt
1337 3820 1476 3913 ingens

348 3917 466 3992 Circa
495 3938 564 4006 te,
592 3910 809 4009 Ligurine,
836 3913 1038 3995 solitudo:
1171 3943 1176 3949 ·

347 4015 452 4111 Quid
478 4008 526 4087 stt
554 4006 648 4089 scire
674 4005 806 4106 cupis?
833 4016 948 4089 nimis
976 4038 1091 4109 poeta
1118 4036 1207 4091 es.·

351 4111 441 4189 Hoc
471 4111 584 4185 ualde
614 4115 753 4185 vitium
783 4112 1046 4205 periculosum
1071 4114 1150 4192 ell.

349 4212 446 4288 Non
478 4214 588 4301 tigris
614 4214 752 4284 catulis
785 4213 902 4286 citata
931 4216 1050 4305 raptis
1067 4264 1081 4306 ,

350 4310 448 4389 Non
479 4307 601 4401 dipsas
631 4312 760 4384 medio
789 4308 937 4403 perusta
964 4311 1088 4403 Sole,

343 4409 431 4488 Nec
460 4406 510 4484 src
539 4404 710 4501 scorpius
738 4410 941 4502 improbus
968 4412 1166 4487 timetur.

344 4508 452 4585 Nam
482 4532 646 4597 tantos,
675 4530 806 4602 rogo,
832 4512 919 4603 quis
946 4501 1046 4584 ferat
1073 4504 1256 4587 labotes?

342 4608 397 4685 Et
426 4606 542 4682 slant'r
573 4612 695 4700 legis,
723 4610 760 4683 ὃ(
789 4612 882 4701 legis
911 4604 1093 4701 sedenti,

341 4708 533 4783 Currenti
564 4708 683 4797 legis,
710 4708 746 4780 dt
776 4709 869 4799 legis
900 4712 1081 4783 creanti,

341 4806 393 4883 ln
421 4806 596 4883 thermas
621 4800 756 4902 fugio:
784 4802 894 4884 sonus
930 4808 977 4885 ad
1004 4828 1159 4885 aureat-
1545 4892 1550 4904 .

1130 4898 1161 4959 K
1189 4915 1207 4959 a
1439 4920 1456 4964 e
1518 4889 1610 4958 Pisci-
