4125 5434
507 341 581 421 106
736 320 796 412 tt.
847 310 1029 411 tau
1081 308 1592 408 nuntiatis

551 462 618 544 Ne
644 459 737 562 qnid
764 455 870 534 forte
896 477 1051 551 petam,
1082 459 1202 535 timet
1226 470 1443 552 cavetque,

553 564 609 641 Et
635 561 787 649 secum,
815 554 880 635 sed
904 577 952 633 ut
976 557 1133 636 audiam
1147 609 1162 652 ,
1188 550 1388 651 susurrat,

550 664 711 757 Septem
739 659 864 735 millia
890 655 1014 735 debeo
1039 656 1250 752 Secundo,

545 759 699 837 Phoebo
720 780 923 855 quatuor,
952 757 1136 836 undecim
1165 755 1356 857 Phileto,

543 858 599 937 Et
624 858 819 957 quadrans
849 858 948 936 inihi
975 858 1108 934 nullus
1148 858 1201 937 est
1232 862 1272 934 in
1300 884 1413 939 atta.

542 958 584 1035 Ο
610 960 762 1056 grande
784 959 995 1057 ingenium
1022 961 1099 1035 tnei
1126 957 1297 1037 sodalis!

538 1056 702 1136 Durum
728 1059 808 1152 est,
840 1058 988 1153 Sexte,
1014 1082 1156 1155 negate
1181 1085 1274 1137 cunt
1299 1057 1446 1154 rogaris
1480 1078 1496 1141 ἰ

541 1159 706 1259 Quanto
730 1162 896 1254 durius,
923 1182 1134 1257 antequam
1161 1159 1347 1259 rogeris!

827 1291 1433 1360 lntaaaaarATtm

486 1412 539 1472 lue
552 1428 694 1473 mercatur
702 1412 772 1493 sum
784 1409 925 1489 savam,
945 1424 1001 1468 atet
1016 1424 1113 1489 tagam
1155 1410 1240 1473 debeo
1248 1410 1486 1493 Secundoseptem
1494 1414 1613 1489 millia,
1635 1418 1742 1487 Pboebn
1759 1450 1842 1508 qua-

436 1420 637 1571 spoliem,
652 1490 719 1568 five
737 1508 822 1563 tres,
844 1504 880 1547 ut
900 1484 996 1567 opinor
1020 1528 1030 1563 ,
1059 1505 1113 1549 aut
1154 1508 1218 1565 tur,
1240 1489 1355 1554 Phileto
1371 1490 1524 1567 undecim,
1548 1495 1588 1560 (9·
1608 1500 1724 1563 nullum
1741 1504 1841 1570 habe,

438 1566 687 1653 queuntibus.
710 1566 812 1632 Subito
823 1567 926 1646 sextus
947 1566 1004 1629 ille
1019 1566 1113 1646 frene·
1154 1569 1346 1651 quadrantem
1356 1571 1388 1633 in
1397 1594 1481 1637 arca.
1504 1576 1661 1639 omanem
1671 1581 1838 1661 sublimem

438 1670 538 1721 rami,
559 1671 642 1729 quem
651 1651 740 1731 saitis
764 1649 918 1730 antiquam
943 1668 1036 1718 meum
1064 1646 1113 1729 effe
1154 1651 1326 1716 meiamiei'!
1350 1654 1493 1729 OSexte,
1510 1656 1665 1739 granuli,
1686 1660 1837 1742 recusare,

440 1731 587 1804 amicum,
609 1732 714 1793 meruit
730 1751 765 1792 ne
781 1727 856 1811 quid
865 1726 943 1808 snite
956 1752 985 1790 re
1003 1750 1047 1792 em
1072 1726 1113 1796 <J
1157 1751 1251 1795 cuma
1269 1754 1297 1795 te
1311 1736 1439 1817 petitur,
1460 1757 1568 1819 quanto
1588 1738 1714 1821 grauius
1732 1742 1838 1822 prius·

435 1826 542 1885 caver,
571 1808 709 1891 &seem
718 1815 826 1886 metit,
836 1753 1109 1889 ledutauscultrm,
1156 1832 1248 1888 quam
1260 1827 1398 1891 petetur·

980 1918 1271 1987 Notius

471 2048 639 2123 Togamve.
694 2044 774 2103 Pera
799 2054 873 2119 toga
897 2034 940 2101 est
962 2052 1043 2096 nova
1068 2033 1101 2098 dt
1144 2033 1217 2097 salii
1236 2034 1326 2098 libras
1345 2037 1437 2097 intelli
1461 2036 1486 2095 it
1504 2053 1591 2113 poeta
1604 2054 1612 2091 t
1625 2038 1830 2120 Ι(οτεειεςοη.

433 2123 531 2202 polita
547 2122 626 2199 epig,
647 2046 693 2196 ,ὲ
714 2118 808 2187 infra,
1144 2110 1217 2175 duin
1236 2108 1324 2171 libras
1340 2133 1402 2175 nott
1422 2056 1533 2171 lilius.
1557 2112 1824 2186 statimveto,in.

511 2197 641 2258 Pexatus
645 2189 1099 2275 pulchreiidesmeazoi‘letrira.
1144 2193 1212 2270 quit
1231 2204 1339 2271 poeta,
1360 2194 1489 2256 rationes
1511 2187 1574 2250 suas
1601 2189 1698 2252 secum
1729 2192 1824 2256 tacite

471 2278 513 2335 Ur
524 2288 612 2355 pare.
625 2276 828 2359 ]Heraldnsle
852 2275 875 2335 it
881 2274 1025 2349 supputo,
1037 2271 1100 2331 exi·
1143 2283 1299 2347 computat
1311 2272 1439 2344 Sextus,
1459 2270 1615 2331 itatamen
1634 2284 1667 2329 tit
1686 2272 1820 2343 audiam,

432 2355 592 2437 slimatque
632 2356 783 2415 Summam
802 2295 856 2417 else
874 2349 916 2415 ali
937 2367 1101 2430 uampecu·
1143 2347 1266 2409 nesotte
1277 2346 1388 2431 abipso
1400 2348 1554 2431 pecuniam
1577 2359 1712 2409 mutuet.
1735 2350 1819 2413 Vide

433 2434 601 2514 nire‚qnam
612 2430 761 2491 Martialis
775 2369 1101 2499 secumausienteseii·
1141 2425 1221 2505 epig.
1232 2428 1281 2504 85.
1294 2424 1344 2488 lib.
1375 2427 1443 2490 .ubi
1454 2426 1488 2488 de
1497 2424 1572 2513 libra
1582 2426 1718 2513 argenti.

433 2526 467 2571 to
477 2514 554 2571 sorte
563 2507 765 2585 computabat:
776 2524 985 2576 attamencum
995 2506 1100 2586 loqua-
1183 2502 1335 2583 Ogtande
1346 2448 1373 2587 s
1384 2506 1440 2568 Pet
1457 2507 1584 2567 ironiam
1606 2505 1753 2583 ingenium
1771 2504 1822 2568 tii·

430 2601 481 2645 tur
496 2600 584 2664 poeta
600 2585 635 2641 de
654 2582 852 2661 emptionibus
869 2584 946 2655 suis,
969 2584 1022 2644 alii
1039 2603 1100 2645 tne-
1143 2580 1188 2643 itit
1207 2599 1262 2662 pro
1282 2580 1464 2648 sordibus&
1483 2580 1629 2645 avaritia.

428 2661 488 2720 lius
497 2659 683 2729 meoiudicio
698 2661 842 2732 retinent,
862 2677 995 2740 utputo,
1015 2661 1099 2742 quod
1179 2660 1295 2721 Durum
1312 2660 1370 2739 asi,
1390 2664 1404 2746 ]
1424 2666 1518 2726 Acute
1544 2660 1666 2723 Sextum
1691 2680 1819 2729 avarum

428 2736 631 2824 interponitur
654 2734 850 2803 dubitationis
876 2738 998 2811 cauda,
1027 2740 1099 2802 deli·
1144 2739 1349 2829 reprehendit,
1361 2742 1442 2821 quod
1453 2758 1571 2818 preces,
1590 2753 1684 2824 *atque
1694 2738 1820 2820 ejuspe-

431 2831 528 2888 (iente
544 2812 657 2892 scilieet
672 2819 822 2896 memoria
839 2859 849 2895 ,
868 2833 960 2905 atque
982 2818 1099 2903 argenti
1144 2833 1284 2889 titionem
1303 2820 1491 2911 occupallet.

991 2921 1061 2997 Ad
1082 2920 1258 3021 Glypttim

916 3024 1130 3105 eviratum.
1183 3021 1318 3102 XLV:

624 3148 722 3230 UAE
749 3154 818 3229 tibi
846 3178 927 3228 non
953 3152 1108 3245 stabat,
1135 3152 1284 3247 praecisa
1311 3152 1364 3229 esi
1394 3155 1608 3245 mentula,
1635 3155 1804 3251 Glypte.

641 3252 816 3333 Demens
842 3278 932 3331 cuin
959 3249 1065 3330 letto
1086 3254 1178 3347 quid
1205 3242 1307 3327 tibi?
1336 3252 1479 3329 Gallus
1505 3275 1608 3329 etas.

811 3406 1426 3477 lurannnnrnitos

419 3524 494 3669 O
505 3527 630 3667 Gly5u,
650 3528 920 3616 resecuistr'penem,
941 3528 997 3613 qui
1011 3550 1066 3594 non
1084 3528 1244 3611 arrigebat.
1266 3533 1397 3613 Ostulte
1406 3576 1417 3611 ,
1437 3533 1513 3615 qnid
1523 3534 1588 3598 ribi
1618 3548 1687 3617 epus
1697 3539 1773 3616 serra
1792 3538 1805 3603 l

514 3608 561 3667 Ga
576 3608 624 3669 lus
643 3630 732 3678 etas,

947 3722 1243 3795 Nota.

452 3817 579 3930 pallui.
599 3845 613 3935 J
632 3843 715 3909 Galli
725 3840 1023 3932 sacerdoteseybeies
1036 3844 1090 3905 Sa·
1131 3844 1246 3935 tulum,
1267 3864 1335 3908 cum
1355 3846 1423 3911 ellet
1448 3851 1580 3914 eviratus
1603 3872 1611 3913 ε
1637 3874 1700 3934 qua
1730 3865 1800 3936 pro·

418 3938 480 3983 mia
497 3921 571 3983 tella
592 3922 643 3985 irbi
663 3920 833 3988 resecabant
855 3918 1025 4001 genitalia:
1056 3932 1088 3979 at
1131 3934 1197 3999 pter
1214 3942 1274 3995 pam
1293 3924 1400 3991 Gallus
1417 3946 1481 3993 etat
1499 3946 1601 3993 antea.

416 4017 478 4063 nnn
494 3996 596 4070 debuit
614 4002 746 4083 Glyptut
763 3998 815 4064 libi
830 3996 988 4083 praecidere
1003 4016 1086 4060 nien·

922 4146 970 4223 In
997 4145 1190 4225 Noevolum

830 4249 1001 4325 anticum
1027 4271 1189 4323 avarum
1223 4246 1362 4329 XLVI
1374 4305 1384 4325 .

507 4404 815 4584 FLORIDA
845 4434 913 4526 per
941 4410 1137 4525 variotur
1165 4415 1344 4509 pingitur
1374 4409 1698 4516 Hyblaeolores,

599 4506 703 4584 Cum
731 4507 845 4589 breve
872 4509 1034 4588 Sicaniae
1061 4535 1127 4592 vei
1152 4514 1393 4609 populantur
1418 4537 1538 4610 apes:

499 4604 565 4683 Sic
594 4628 661 4684 tua
689 4604 892 4705 suppositis
920 4613 1123 4707 perlucent
1150 4614 1263 4703 prela
1291 4612 1489 4696 lacernis:

553 4705 618 4785 Sic
644 4708 762 4789 micat
788 4712 1008 4791 innumeris
1032 4709 1163 4793 arcula
1191 4707 1437 4803 synthesibus
1452 4746 1463 4794 ὅ
1655 4813 1695 4877 lt
1784 4822 1786 4827 ,

1698 4832 1755 4895 que
