4125 5434
482 363 556 444 196
712 350 1560 458 n.vAL.MART1AL18

521 496 666 576 Decies
693 496 882 590 Sabinus,
907 500 1153 598 alterumque
1176 501 1394 590 Serranus:

521 597 586 672 Ex
612 596 770 686 insulis,
795 591 1003 692 fundisque
1029 601 1158 676 tricies
1184 599 1336 692 soldum
1350 657 1364 699 ,

521 693 585 771 Ex
609 715 750 788 pecore
776 693 950 770 redeunt
969 717 1028 772 ter
1054 699 1202 778 ducena
1230 701 1459 802 Parmenli,
1485 787 1487 792 .
1545 767 1551 778 .

519 789 640 868 Totis
666 791 829 886 diebus,
854 788 980 885 Afer,
1010 793 1084 871 hoc
1112 797 1210 874 mibi
1238 827 1398 882 narras:

519 875 575 967 Et
600 913 717 970 teneo
746 893 882 967 melius
908 890 1005 984 ista,
1030 918 1146 990 quarn
1175 925 1301 978 ineunt
1332 925 1504 980 nomen.

486 1064 490 1071 ,
518 988 719 1072 Numeres
744 1015 902 1084 oportet
929 993 1107 1086 aliquid,
1131 1019 1175 1070 ut
1205 1004 1282 1090 pati
1312 999 1474 1095 poss'rm:

520 1091 802 1185 Quotidianrtn
831 1091 946 1166 refice
975 1090 1157 1170 nauseam
1189 1102 1383 1175 nummis.

521 1190 671 1266 Audire
698 1191 816 1284 gratis
831 1238 845 1280 ,
872 1183 995 1281 Afer,
1021 1190 1091 1268 ilia
1119 1217 1203 1268 non
1231 1195 1403 1288 poliunt.

810 1329 1406 1398 Inretnrnrrrrm

418 1419 911 1560 Coracinuselebeccencum,&
933 1418 1097 1480 Mancinus
1136 1413 1215 1482 diem
1238 1423 1389 1504 solidum
1408 1437 1498 1560 ιτὲκο
1534 1424 1591 1503 ifle
1625 1427 1702 1490 mibi
1713 1427 1826 1490 notiora

503 1497 644 1572 ducenta,
665 1503 766 1562 Titius
790 1517 945 1573 trecenta,
967 1495 1094 1558 Albinus
1129 1495 1414 1576 suntmeonomr'ne.
1461 1504 1541 1582 areli
1561 1503 1764 1588 dereliquid,
1786 1525 1822 1565 ue

412 1578 571 1656 sexcenta,
603 1578 730 1642 Sabinas
754 1577 864 1652 decies,
887 1577 927 1642 Φ
954 1580 1093 1663 Serranns
1132 1571 1354 1653 serrevaleam,
1375 1577 1503 1640 nummis
1528 1585 1675 1663 compensa
1693 1583 1816 1644 radium

415 1655 543 1718 alterum
556 1658 669 1722 decies.
690 1657 850 1736 Exinsulir
862 1658 899 1719 (J
921 1654 1091 1733 fundisrrr-
1133 1656 1357 1734 quotidianum.
1379 1657 1501 1736 OAser,
1517 1681 1624 1739 nequeo
1645 1665 1824 1744 auscultare

414 1733 473 1792 cies
498 1738 583 1814 plene
602 1739 754 1816 percipio,
775 1757 810 1795 ert
832 1750 926 1812 perere
940 1727 1090 1804 Parmenfi
1131 1731 1188 1814 nlla
1204 1739 1361 1818 gratuito.

412 1810 576 1888 sexcenta.
617 1813 644 1871 0
663 1813 733 1892 Afer
752 1812 788 1875 id
802 1811 877 1875 mibi
900 1809 1020 1889 recensis
1040 1824 1092 1890 per

1027 1951 1376 2025 Norre.¹

455 2059 598 2124 centum,
620 2052 762 2121 ducenta,
779 2053 946 2136 crecencm]
958 2047 1054 2118 Adiun
1078 2071 1093 2114 e
1137 2051 1315 2144 percipiebat
1334 2049 1423 2115 Afer.

418 2133 702 2196 rnilliasesterrium:
726 2129 871 2193 adverbiis
881 2135 954 2195 nero'
969 2128 1033 2201 bis,
1067 2153 1095 2190 e·
1174 2133 1283 2190 Tricies
1293 2127 1428 2208 faidum.
1447 2125 1460 2210 ]
1482 2125 1528 2190 Sic
1548 2127 1629 2210 epig.
1642 2131 1772 2194 roolib.
1790 2153 1825 2196 r.

416 2211 479 2282 cis,
502 2211 622 2282 tricies,
640 2209 768 2270 rerndde
785 2223 909 2274 centena
929 2208 1024 2271 millia
1052 2209 1092 2271 se·
1135 2211 1209 2274 dixit
1227 2209 1320 2269 vicies
1341 2207 1472 2278 'lenum

417 2289 571 2350 sserrium.
1029 2345 1036 2354 ,
1176 2223 1821 2365 cxpecoreiarmenfi.]0res1’armenses

456 2369 504 2427 Ex
521 2365 628 2443 insulis
649 2373 661 2428 1
678 2364 813 2429 AEdificia
821 2366 852 2428 in
862 2365 1004 2446 urbeque
1032 2366 1094 2430 loia
1137 2368 1353 2443 interpretare,
1376 2363 1579 2443 quatumlana
1593 2358 1698 2444 pallrrn
1716 2363 1816 2426 lauda·

411 2443 494 2507 lIant
516 2443 553 2504 ab
574 2443 641 2506 aliis
656 2443 809 2524 separata,
829 2444 1089 2516 dicunturinlulae‚
1139 2461 1187 2510 tur
1203 2464 1221 2506 a
1237 2444 1340 2510 nolito
1355 2457 1463 2523 poeta.
1596 2507 1599 2515 ,

417 2543 454 2584 rs
475 2539 602 2603 quarum
617 2523 766 2585 locatione
776 2542 914 2602 magnam
922 2521 1090 2614 penfionern

977 2631 1050 2710 Ad
1070 2632 1247 2724 Gallam,

755 2785 799 2839 nt
827 2763 1023 2842 interdurn
1052 2787 1183 2858 neger.
1239 2758 1480 2838 XXXVIII.

623 2887 796 2984 ALer,
823 2916 946 2986 nega:
972 2889 1133 2966 satiatur
1158 2914 1295 2984 arnor,
1323 2888 1392 2964 nist
1421 2889 1788 2988 gaudiatorquent;

632 2991 706 3067 Sed
734 2991 815 3066 noli
843 2994 1035 3082 nimium,
1060 2987 1205 3082 Galle,
1227 3013 1370 3085 negare
1397 2991 1486 3070 diu.

816 3133 1405 3198 Inrrnenararrm

416 3245 486 3384 O
501 3245 612 3384 gella,
633 3252 745 3332 recuse3
766 3277 841 3320 arnor
872 3258 1019 3338 expletur,
1041 3249 1098 3326 nist
1121 3250 1228 3312 letitia
1258 3253 1386 3320 cruciat:
1409 3266 1466 3326 ar,
1487 3272 1502 3312 c
1520 3246 1628 3322 Galla,
1649 3270 1684 3312 ne
1707 3271 1771 3312 rece
1786 3268 1814 3306 es

528 3346 638 3391 tumis·

962 3413 1000 3486 N
1053 3435 1077 3483 o
1129 3438 1149 3480 r
1202 3433 1258 3484 ι.

419 3557 517 3621 Galla
537 3582 627 3642 nege.
647 3560 814 3636 IEinldem
834 3561 1003 3644 argumenti
1021 3559 1063 3622 eli
1088 3558 1169 3640 epig.
1180 3557 1229 3622 82.
1238 3555 1336 3628 infra,
1357 3552 1388 3620 &
1405 3554 1492 3635 epig.
1511 3551 1556 3632 58.
1570 3550 1623 3612 lib.
1637 3569 1670 3612 t.

776 3736 783 3749 .
968 3669 1036 3748 Ad
1059 3669 1262 3743 Charinum

702 3768 891 3860 divitem,
915 3765 1262 3862 atqueirn'pururn.
1316 3753 1517 3840 XXXIX«
1632 3837 1636 3847 ,

517 3901 608 4068 A
625 3893 849 3974 RGEN'I'I
880 3911 1133 3985 genusomne
1148 3886 1374 3980 comparasti
1394 3934 1406 3974 ,

641 3995 695 4070 Et
721 3993 825 4068 solus
852 4014 1001 4066 veteres
1027 3986 1211 4078 Myronis
1239 4009 1339 4061 artes
1351 4035 1365 4074 ,

512 4089 626 4170 Solus
654 4091 862 4169 Praxitelis
890 4103 1052 4179 manus,
1076 4087 1311 4182 Scopaeque,

509 4187 628 4266 Solus
654 4190 829 4269 Phidiaci
857 4213 1035 4267 torennra
1063 4188 1182 4280 coeli',

509 4285 626 4364 Solus
653 4287 882 4366 Mentoreos
910 4287 1034 4365 habes
1066 4291 1234 4364 labores.

511 4383 597 4459 Nec
625 4383 766 4464 desunt
795 4389 867 4462 tibi
912 4411 999 4462 vera
1023 4383 1250 4478 Glaniana,

509 4483 596 4560 Nec
620 4509 701 4584 quae
727 4486 902 4564 Callaico
927 4488 1114 4562 linuntur
1139 4507 1266 4567 auro,
1325 4519 1330 4530 ·

509 4581 595 4660 Nec
621 4582 760 4664 meniis
788 4587 998 4679 anaglypta
1023 4587 1070 4660 de
1100 4582 1300 4677 paternis.

508 4685 731 4776 argentum
761 4707 893 4765 tamen
926 4687 1031 4758 inter
1057 4704 1176 4772 ornne
1208 4681 1357 4768 miror,

508 4780 639 4878 Qare
668 4810 748 4862 non
777 4786 916 4864 habeas
932 4831 946 4876 ,
970 4781 1175 4873 Charine,
1203 4799 1370 4873 purum·
